@misc{andasari,
  title = {Numerical Methods Using Python},
  howpublished = {\url{http://people.bu.edu/andasari/courses/numericalpython/python.html}},
  note = {Accesado: 2019-10-08}
}
